%% This BibTeX bibliography file was created using BibDesk.
%% http://bibdesk.sourceforge.net/

%% Created for Yoav at 2015-12-10 08:55:57 -0800 


%% Saved with string encoding Unicode (UTF-8) 



@article{predict_digg,
	Author = {Gabor Szabo, Bernardo A. Huberman},
	Date-Added = {2015-12-10 16:51:55 +0000},
	Date-Modified = {2015-12-10 16:53:32 +0000},
	Journal = {Communications of the ACM},
	Month = {August},
	Number = {8},
	Pages = {80-88},
	Title = {Predicting the Popularity of Online Content},
	Volume = {53},
	Year = {2010}}

@article{lamberson,
	Author = {Daria Lamberson, Leo Martel, Simon Zheng},
	Title = {Hacking the Hivemind: Predicting Comment Karma on Internet Forums},
	Url = {http://cs229.stanford.edu/proj2014/Daria%20Lamberson,Leo%20Martel,%20Simon%20Zheng,Hacking%20the%20Hivemind.pdf},
	Bdsk-Url-1 = {http://cs229.stanford.edu/proj2014/Daria%20Lamberson,Leo%20Martel,%20Simon%20Zheng,Hacking%20the%20Hivemind.pdf}}

@article{lakkaraju,
	Author = {Katyaini Himabindu Lakkaraju},
	Month = dec,
	Title = {Demystifying content popularity on Reddit},
	Url = {http://snap.stanford.edu/class/cs224w-2012/projects/cs224w-025-final.v01.pdf},
	Year = {2012},
	Bdsk-Url-1 = {http://snap.stanford.edu/class/cs224w-2012/projects/cs224w-025-final.v01.pdf}}

@misc{sentiment,
	Author = {Andrew Sliwinski},
	Howpublished = {\url{https://github.com/thisandagain/sentiment}},
	Journal = {GitHub repository},
	Publisher = {GitHub},
	Title = {Sentiment},
	Year = {2013}}

@misc{dataset,
	Author = {Reddit},
	Howpublished = {\url{https://www.reddit.com/r/datasets/comments/3bxlg7/i_have_every_publicly_available_reddit_comment}},
	Title = {I have every publicly available Reddit comment for research. ~ 1.7 billion comments @ 250 GB compressed. Any interest in this?},
	Year = {2015}}

@article{scikit-learn,
	Author = {Pedregosa, F. and Varoquaux, G. and Gramfort, A. and Michel, V. and Thirion, B. and Grisel, O. and Blondel, M. and Prettenhofer, P. and Weiss, R. and Dubourg, V. and Vanderplas, J. and Passos, A. and Cournapeau, D. and Brucher, M. and Perrot, M. and Duchesnay, E.},
	Journal = {Journal of Machine Learning Research},
	Pages = {2825--2830},
	Title = {Scikit-learn: Machine Learning in {P}ython},
	Volume = {12},
	Year = {2011}}

@inproceedings{spark,
 author = {Zaharia, Matei and Chowdhury, Mosharaf and Franklin, Michael J. and Shenker, Scott and Stoica, Ion},
 title = {Spark: Cluster Computing with Working Sets},
 booktitle = {Proceedings of the 2Nd USENIX Conference on Hot Topics in Cloud Computing},
 series = {HotCloud'10},
 year = {2010},
 location = {Boston, MA},
 pages = {10--10},
 numpages = {1},
 url = {http://dl.acm.org/citation.cfm?id=1863103.1863113},
 acmid = {1863113},
 publisher = {USENIX Association},
 address = {Berkeley, CA, USA},
} 

@inproceedings{hashing,
  title={Feature hashing for large scale multitask learning},
  author={Weinberger, Kilian and Dasgupta, Anirban and Langford, John and Smola, Alex and Attenberg, Josh},
  booktitle={Proceedings of the 26th Annual International Conference on Machine Learning},
  pages={1113--1120},
  year={2009},
  organization={ACM}
}
[download]
