@article{lamberson,
 author = {Daria Lamberson, Leo Martel, Simon Zheng},
 title = {Hacking the Hivemind: Predicting Comment Karma on Internet Forums},
 url = {http://cs229.stanford.edu/proj2014/Daria%20Lamberson,Leo%20Martel,%20Simon%20Zheng,Hacking%20the%20Hivemind.pdf}
} 

@article{lakkaraju,
 author = {Katyaini Himabindu Lakkaraju},
 title = {Demystifying content popularity on Reddit},
 month = dec,
 year = {2012},
 url = {http://snap.stanford.edu/class/cs224w-2012/projects/cs224w-025-final.v01.pdf}
}

@misc{sentiment,
  author = {Andrew Sliwinski},
  title = {Sentiment},
  year = {2013},
  publisher = {GitHub},
  journal = {GitHub repository},
  howpublished = {\url{https://github.com/thisandagain/sentiment}},
}

@misc{dataset,
   author = "Reddit",
   title = "I have every publicly available Reddit comment for research. ~ 1.7 billion comments @ 250 GB compressed. Any interest in this?",
   year = "2015",
   howpublished = {\url{https://www.reddit.com/r/datasets/comments/3bxlg7/i_have_every_publicly_available_reddit_comment}},
 }

@article{scikit-learn,
 title={Scikit-learn: Machine Learning in {P}ython},
 author={Pedregosa, F. and Varoquaux, G. and Gramfort, A. and Michel, V.
         and Thirion, B. and Grisel, O. and Blondel, M. and Prettenhofer, P.
         and Weiss, R. and Dubourg, V. and Vanderplas, J. and Passos, A. and
         Cournapeau, D. and Brucher, M. and Perrot, M. and Duchesnay, E.},
 journal={Journal of Machine Learning Research},
 volume={12},
 pages={2825--2830},
 year={2011}
}

